%YAML 1.1
%TAG !u! tag:unity3d.com,2011:
--- !u!1 &7788331912318279107
GameObject:
  m_ObjectHideFlags: 0
  m_CorrespondingSourceObject: {fileID: 0}
  m_PrefabInstance: {fileID: 0}
  m_PrefabAsset: {fileID: 0}
  serializedVersion: 6
  m_Component:
  - component: {fileID: 7788331912318279104}
  - component: {fileID: -5373259289712749088}
  - component: {fileID: 8847010394168989693}
  m_Layer: 0
  m_Name: indicator
  m_TagString: Untagged
  m_Icon: {fileID: 0}
  m_NavMeshLayer: 0
  m_StaticEditorFlags: 0
  m_IsActive: 1
--- !u!4 &7788331912318279104
Transform:
  m_ObjectHideFlags: 0
  m_CorrespondingSourceObject: {fileID: 0}
  m_PrefabInstance: {fileID: 0}
  m_PrefabAsset: {fileID: 0}
  m_GameObject: {fileID: 7788331912318279107}
  m_LocalRotation: {x: 0, y: 0, z: 0, w: 1}
  m_LocalPosition: {x: 0, y: 0, z: -0.968}
  m_LocalScale: {x: 1, y: 1, z: 1}
  m_Children:
  - {fileID: 7788331912363674074}
  m_Father: {fileID: 0}
  m_RootOrder: 0
  m_LocalEulerAnglesHint: {x: 0, y: 0, z: 0}
--- !u!114 &-5373259289712749088
MonoBehaviour:
  m_ObjectHideFlags: 0
  m_CorrespondingSourceObject: {fileID: 0}
  m_PrefabInstance: {fileID: 0}
  m_PrefabAsset: {fileID: 0}
  m_GameObject: {fileID: 7788331912318279107}
  m_Enabled: 0
  m_EditorHideFlags: 0
  m_Script: {fileID: 11500000, guid: 163c1e9c620fe13408d9f4d07f566449, type: 3}
  m_Name: 
  m_EditorClassIdentifier: 
  tex: {fileID: 0}
  mat: {fileID: 0}
  colorArray: []
  texWidth: 0
  tr: []
  pointer: {fileID: 0}
  point: {x: 0, y: 0, z: 0}
  inside: 0
  a: 0
  b: 0
  c: 0
  IsInside: 0
  triangleCustom:
    tex: {fileID: 0}
    colorArray: []
    texWidth: 0
    index: 0
    cornerPoints: 000000000000000000000000
    cornerUvs:
    - {x: 0, y: 0}
    - {x: 0, y: 0}
    - {x: 0, y: 0}
    cornerColors:
    - {r: 0, g: 0, b: 0, a: 0}
    - {r: 0, g: 0, b: 0, a: 0}
    - {r: 0, g: 0, b: 0, a: 0}
    pixelsIndexes: 
    colorShareValues: []
  index: 0
  cornerPoints: 000000000000000000000000
  cornerUvs:
  - {x: 0, y: 0}
  - {x: 0, y: 0}
  - {x: 0, y: 0}
  cornerColors:
  - {r: 0, g: 0, b: 0, a: 0}
  - {r: 0, g: 0, b: 0, a: 0}
  - {r: 0, g: 0, b: 0, a: 0}
  pixelsIndexes: 
  colorShareValues: []
--- !u!114 &8847010394168989693
MonoBehaviour:
  m_ObjectHideFlags: 0
  m_CorrespondingSourceObject: {fileID: 0}
  m_PrefabInstance: {fileID: 0}
  m_PrefabAsset: {fileID: 0}
  m_GameObject: {fileID: 7788331912318279107}
  m_Enabled: 1
  m_EditorHideFlags: 0
  m_Script: {fileID: 11500000, guid: 6c979f471fcaae74a88fc27880eb6b54, type: 3}
  m_Name: 
  m_EditorClassIdentifier: 
  index: 0
  colorNonSelected: {r: 1, g: 1, b: 1, a: 1}
  coloSelected: {r: 1, g: 0, b: 0, a: 1}
--- !u!1 &7788331912363674077
GameObject:
  m_ObjectHideFlags: 0
  m_CorrespondingSourceObject: {fileID: 0}
  m_PrefabInstance: {fileID: 0}
  m_PrefabAsset: {fileID: 0}
  serializedVersion: 6
  m_Component:
  - component: {fileID: 7788331912363674074}
  - component: {fileID: 7788331912363674073}
  - component: {fileID: 7788331912363674072}
  - component: {fileID: 7788331912363674075}
  m_Layer: 0
  m_Name: Cube
  m_TagString: Untagged
  m_Icon: {fileID: 0}
  m_NavMeshLayer: 0
  m_StaticEditorFlags: 0
  m_IsActive: 1
--- !u!4 &7788331912363674074
Transform:
  m_ObjectHideFlags: 0
  m_CorrespondingSourceObject: {fileID: 0}
  m_PrefabInstance: {fileID: 0}
  m_PrefabAsset: {fileID: 0}
  m_GameObject: {fileID: 7788331912363674077}
  m_LocalRotation: {x: 0, y: 0, z: 0, w: 1}
  m_LocalPosition: {x: 0, y: 0, z: 0}
  m_LocalScale: {x: 0.02, y: 0.02, z: 0.02}
  m_Children: []
  m_Father: {fileID: 7788331912318279104}
  m_RootOrder: 0
  m_LocalEulerAnglesHint: {x: 0, y: 0, z: 0}
--- !u!33 &7788331912363674073
MeshFilter:
  m_ObjectHideFlags: 0
  m_CorrespondingSourceObject: {fileID: 0}
  m_PrefabInstance: {fileID: 0}
  m_PrefabAsset: {fileID: 0}
  m_GameObject: {fileID: 7788331912363674077}
  m_Mesh: {fileID: 10202, guid: 0000000000000000e000000000000000, type: 0}
--- !u!23 &7788331912363674072
MeshRenderer:
  m_ObjectHideFlags: 0
  m_CorrespondingSourceObject: {fileID: 0}
  m_PrefabInstance: {fileID: 0}
  m_PrefabAsset: {fileID: 0}
  m_GameObject: {fileID: 7788331912363674077}
  m_Enabled: 0
  m_CastShadows: 1
  m_ReceiveShadows: 1
  m_DynamicOccludee: 1
  m_MotionVectors: 1
  m_LightProbeUsage: 1
  m_ReflectionProbeUsage: 1
  m_RayTracingMode: 2
  m_RenderingLayerMask: 1
  m_RendererPriority: 0
  m_Materials:
  - {fileID: 2100000, guid: c2579f588a953af4b8ba38722606a6e1, type: 2}
  m_StaticBatchInfo:
    firstSubMesh: 0
    subMeshCount: 0
  m_StaticBatchRoot: {fileID: 0}
  m_ProbeAnchor: {fileID: 0}
  m_LightProbeVolumeOverride: {fileID: 0}
  m_ScaleInLightmap: 1
  m_ReceiveGI: 1
  m_PreserveUVs: 0
  m_IgnoreNormalsForChartDetection: 0
  m_ImportantGI: 0
  m_StitchLightmapSeams: 1
  m_SelectedEditorRenderState: 3
  m_MinimumChartSize: 4
  m_AutoUVMaxDistance: 0.5
  m_AutoUVMaxAngle: 89
  m_LightmapParameters: {fileID: 0}
  m_SortingLayerID: 0
  m_SortingLayer: 0
  m_SortingOrder: 0
--- !u!65 &7788331912363674075
BoxCollider:
  m_ObjectHideFlags: 0
  m_CorrespondingSourceObject: {fileID: 0}
  m_PrefabInstance: {fileID: 0}
  m_PrefabAsset: {fileID: 0}
  m_GameObject: {fileID: 7788331912363674077}
  m_Material: {fileID: 0}
  m_IsTrigger: 0
  m_Enabled: 1
  serializedVersion: 2
  m_Size: {x: 1, y: 1, z: 1}
  m_Center: {x: 0, y: 0, z: 0}
